
% HYPERGRAPHIC POLYTOPE

@article {Postnikov,
	AUTHOR = {Alexander~Postnikov},
	TITLE = {Permutohedra, associahedra, and beyond},
	JOURNAL = {Int. Math. Res. Not. IMRN},
	FJOURNAL = {International Mathematics Research Notices. IMRN},
	YEAR = {2009},
	NUMBER = {6},
	PAGES = {1026--1106},
}

@article {PostnikovReinerWilliams,
	AUTHOR = {Alexander~Postnikov and Victor~Reiner and Lauren K. Williams},
	TITLE = {Faces of generalized permutohedra},
	JOURNAL = {Doc.~Math.},
	FJOURNAL = {Documenta Mathematica},
	VOLUME = {13},
	YEAR = {2008},
	PAGES = {207--273},
}

@inproceedings {Edmonds,
	AUTHOR = {Edmonds, Jack},
	TITLE = {Submodular functions, matroids, and certain polyhedra},
	BOOKTITLE = {Combinatorial {S}tructures and their {A}pplications ({P}roc. {C}algary {I}nternat. {C}onf., {C}algary, {A}lta., 1969)},
	PAGES = {69--87},
	PUBLISHER = {Gordon and Breach, New York},
	YEAR = {1970},
}

@article {FeichtnerSturmfels,
	AUTHOR = {Eva~Maria~Feichtner and Bernd~Sturmfels},
	TITLE = {Matroid polytopes, nested sets and {B}ergman fans},
	JOURNAL = {Port. Math. (N.S.)},
	FJOURNAL = {Portugaliae Mathematica. Nova S\'erie},
	VOLUME = {62},
	YEAR = {2005},
	NUMBER = {4},
	PAGES = {437--468},
}

@article {BenedettiBergeronMachacek,
   	 AUTHOR = {Benedetti, Carolina and Bergeron, Nantel and Machacek, John},
     	TITLE = {Hypergraphic polytopes: combinatorial properties and antipode},
   	JOURNAL = {J. Comb.},
  	FJOURNAL = {Journal of Combinatorics},
   	 VOLUME = {10},
      	YEAR = {2019},
    	NUMBER = {3},
     	PAGES = {515--544},
}

@article {CarrDevadoss,
	AUTHOR = {Michael~P.~Carr and Satyan~L.~Devadoss},
	TITLE = {Coxeter complexes and graph-associahedra},
	JOURNAL = {Topology Appl.},
	FJOURNAL = {Topology and its Applications},
	VOLUME = {153},
	YEAR = {2006},
	NUMBER = {12},
	PAGES = {2155--2168},
}

@article {BarnardMcConville,
	AUTHOR = {Barnard, Emily and McConville, Thomas},
	TITLE = {Lattices from graph associahedra and subalgebras of the {M}alvenuto-{R}eutenauer algebra},
	JOURNAL = {Algebra Universalis},
	FJOURNAL = {Algebra Universalis},
	VOLUME = {82},
	YEAR = {2021},
	NUMBER = {1},
	PAGES = {Paper No. 2, 53},
}

@article {PitmanStanley,
	AUTHOR = {Stanley, Richard P. and Pitman, Jim},
	TITLE = {A polytope related to empirical distributions, plane trees, parking functions, and the associahedron},
	JOURNAL = {Discrete Comput. Geom.},
	FJOURNAL = {Discrete \& Computational Geometry. An International Journal of Mathematics and Computer Science},
	VOLUME = {27},
	YEAR = {2002},
	NUMBER = {4},
	PAGES = {\mbox{pp. 603--634}},
}

@article {Saneblidze-freehedron,
	AUTHOR = {Saneblidze, Samson},
	TITLE = {The bitwisted {C}artesian model for the free loop fibration},
	JOURNAL = {Topology Appl.},
	FJOURNAL = {Topology and its Applications},
	VOLUME = {156},
	YEAR = {2009},
	NUMBER = {5},
	PAGES = {897--910},
}

@article {PilaudPoliakova,
	AUTHOR = {Pilaud, Vincent and Poliakova, Daria},
	TITLE = {Hochschild polytopes},
	JOURNAL = {Math. Ann.},
	FJOURNAL = {Mathematische Annalen},
	VOLUME = {392},
	YEAR = {2025},
	NUMBER = {2},
	PAGES = {2395--2441},
}

@article {Defant-fertilitopes,
	AUTHOR = {Defant, Colin},
	TITLE = {Fertilitopes},
	JOURNAL = {Discrete Comput. Geom.},
	FJOURNAL = {Discrete \& Computational Geometry. An International Journal of Mathematics and Computer Science},
	VOLUME = {70},
	YEAR = {2023},
	NUMBER = {3},
	PAGES = {713--752},
}

@article {Pilaud-acyclicReorientationLattices,
	AUTHOR = {Vincent Pilaud},
	TITLE = {Acyclic reorientation lattices and their lattice quotients},
	JOURNAL = {Ann. Comb.},
	FJOURNAL = {Annals of Combinatorics},
	NOTE = {Online first},
	YEAR = {2024},
}

% INTEGER POSETS

@article{BjornerWachs,
	AUTHOR = {Bj{\"o}rner, Anders and Wachs, Michelle L.},
	FJOURNAL = {Journal of Combinatorial Theory. Series A},
	JOURNAL = {J. Combin. Theory Ser. A},
	NUMBER = {1},
	PAGES = {85--114},
	TITLE = {Permutation statistics and linear extensions of posets},
	VOLUME = {58},
	YEAR = {1991}
}

@article {ChatelPilaudPons,
	AUTHOR = {Chatel, Gr\'egory and Pilaud, Vincent and Pons, Viviane},
	TITLE = {The weak order on integer posets},
	JOURNAL = {Algebraic Combinatorics},
	PUBLISHER = {MathOA foundation},
	VOLUME = {2},
	NUMBER = {1},
	YEAR = {2019},
	PAGES = {1--48},
}

% ASSOCIAHEDRON

@article {PilaudSantosZiegler,
	AUTHOR = {Pilaud, Vincent and Santos, Francisco and Ziegler, G\"{u}nter M.},
	TITLE = {Celebrating {L}oday's associahedron},
	JOURNAL = {Arch. Math. (Basel)},
	FJOURNAL = {Archiv der Mathematik},
	VOLUME = {121},
	YEAR = {2023},
	NUMBER = {5-6},
	PAGES = {559--601},
}

@phdthesis{Tamari,
	AUTHOR = {Dov Tamari},
	TITLE = {Monoides pr\'eordonn\'es et cha\^ines de Malcev},
	SCHOOL = {Universit\'e Paris Sorbonne},
	YEAR = {1951},
}

@article {Loday,
	AUTHOR = {Jean-Louis~Loday},
	TITLE = {Realization of the {S}tasheff polytope},
	JOURNAL = {Arch.~Math.~(Basel)},
	FJOURNAL = {Archiv der Mathematik},
	VOLUME = {83},
	YEAR = {2004},
	NUMBER = {3},
	PAGES = {267--278},
}

@inproceedings {Tonks,
	AUTHOR = {Tonks, Andy},
	TITLE = {Relating the associahedron and the permutohedron},
	BOOKTITLE = {Operads: {P}roceedings of {R}enaissance {C}onferences ({H}artford, {CT}/{L}uminy, 1995)},
	SERIES = {Contemp. Math.},
	VOLUME = {202},
	PAGES = {33--36},
	PUBLISHER = {Amer. Math. Soc., Providence, RI},
	YEAR = {1997},
}

@book {ShniderSternberg,
	AUTHOR = {Steve~Shnider and Shlomo~Sternberg},
	TITLE = {Quantum groups: From coalgebras to {D}rinfeld algebras},
	SERIES = {Series in Mathematical Physics},
	PUBLISHER = {International Press},
	ADDRESS = {Cambridge, MA},
	YEAR = {1993},
	PAGES = {592},
}

@article {Reading-arcDiagrams,
	AUTHOR = {Reading, Nathan},
	TITLE = {Noncrossing arc diagrams and canonical join representations},
	JOURNAL = {SIAM J. Discrete Math.},
	FJOURNAL = {SIAM Journal on Discrete Mathematics},
	VOLUME = {29},
	YEAR = {2015},
	NUMBER = {2},
	PAGES = {736--750},
}

@article {Reading-latticeCongruences,
	AUTHOR = {Nathan~Reading},
	TITLE = {Lattice congruences of the weak order},
	JOURNAL = {Order},
	FJOURNAL = {Order. A Journal on the Theory of Ordered Sets and its Applications},
	VOLUME = {21},
	YEAR = {2004},
	NUMBER = {4},
	PAGES = {315--344},
}

@article {Reading-CambrianLattices,
	AUTHOR = {Nathan~Reading},
	TITLE = {Cambrian lattices},
	JOURNAL = {Adv.~Math.},
	FJOURNAL = {Advances in Mathematics},
	VOLUME = {205},
	YEAR = {2006},
	NUMBER = {2},
	PAGES = {313--353},
}

% DEFORMATION CONE

@article {McMullen-typeCone,
	AUTHOR = {McMullen, Peter},
	TITLE = {Representations of polytopes and polyhedral sets},
	JOURNAL = {Geometriae Dedicata},
	FJOURNAL = {Geometriae Dedicata},
	VOLUME = {2},
	YEAR = {1973},
	PAGES = {83--99},
}

@article {PadrolPaluPilaudPlamondon,
	AUTHOR = {Arnau Padrol and Yann Palu and Vincent Pilaud and Pierre-Guy Plamondon},
	TITLE = {Associahedra for finite type cluster algebras and minimal relations between $\b{g}$-vectors},
	JOURNAL = {Proc. London Math. Soc.},
	FJOURNAL = {Proceedings of the London Mathematical Society},
	VOLUME = {127},
	YEAR = {2023},
	NUMBER = {3},
	PAGES = {513--588},
}

@article {PadrolPilaudPoullot-deformedNestohedra,
	AUTHOR = {Arnau Padrol and Vincent Pilaud and Germain Poullot},
	TITLE = {Deformation cones of graph associahedra and nestohedra},
	JOURNAL = {European J. Combin.},
	FJOURNAL = {European Journal of Combinatorics},
	VOLUME = {107},
	YEAR = {2023},
	PAGES = {103594},
}

@article {AlbertinPilaudRitter,
	AUTHOR = {Albertin, Doriann and Pilaud, Vincent and Ritter, Julian},
	TITLE = {Removahedral congruences versus permutree congruences},
	JOURNAL = {Electron. J. Combin.},
	FJOURNAL = {Electronic Journal of Combinatorics},
	VOLUME = {28},
	YEAR = {2021},
	NUMBER = {4},
	PAGES = {Paper No. 4.8, 38},
}

@article {BazierMatteChapelierLaguetDouvilleMousavandThomasYildirim,
	AUTHOR = {V\'eronique Bazier-Matte and Nathan Chapelier-Laguet and Guillaume Douville and Kaveh Mousavand and Hugh Thomas and Emine Y\i{}ld\i{}r\i{}m},
	TITLE = {{ABHY} {A}ssociahedra and {N}ewton polytopes of ${F}$-polynomials for finite type cluster algebras of simply laced finite type},
	JOURNAL = {J. Lond. Math. Soc. (2)},
	FJOURNAL = {Journal of the London Mathematical Society. Second Series},
	YEAR = {2023},
	DOI = {10.1112/jlms.12817},
}

@book {Stasheff-HSpaces,
	AUTHOR = {Stasheff, James},
	TITLE = {{$H$}-spaces from a homotopy point of view},
	SERIES = {Lecture Notes in Mathematics, Vol. 161},
	PUBLISHER = {Springer-Verlag, Berlin-New York},
	YEAR = {1970},
	PAGES = {v+95},
}
		
@article {Forcey-multiplihedra,
	AUTHOR = {Forcey, Stefan},
	TITLE = {Convex hull realizations of the multiplihedra},
	JOURNAL = {Topology Appl.},
	FJOURNAL = {Topology and its Applications},
	VOLUME = {156},
	YEAR = {2008},
	NUMBER = {2},
	PAGES = {326--347},
}
		
@article {SaneblidzeUmble-diagonals,
	AUTHOR = {Saneblidze, Samson and Umble, Ronald},
	TITLE = {Diagonals on the permutahedra, multiplihedra and associahedra},
	JOURNAL = {Homology Homotopy Appl.},
	FJOURNAL = {Homology, Homotopy and Applications},
	VOLUME = {6},
	YEAR = {2004},
	NUMBER = {1},
	PAGES = {363--411},
}

@article {ArdilaDoker,
	AUTHOR = {Ardila, Federico and Doker, Jeffrey},
	TITLE = {Lifted generalized permutahedra and composition polynomials},
	JOURNAL = {Adv. in Appl. Math.},
	FJOURNAL = {Advances in Applied Mathematics},
	VOLUME = {50},
	YEAR = {2013},
	NUMBER = {4},
	PAGES = {607--633},
}

@article {ChapotonPilaud,
	AUTHOR = {Chapoton, Fr\'{e}d\'{e}ric and Pilaud, Vincent},
	TITLE = {Shuffles of deformed permutahedra, multiplihedra, constrainahedra, and biassociahedra},
	JOURNAL = {Ann. H. Lebesgue},
	FJOURNAL = {Annales Henri Lebesgue},
	VOLUME = {7},
	YEAR = {2024},
	PAGES = {1535--1601},
}

@unpublished {BottmanPoliakova,
	AUTHOR = {Nathaniel Bottman and Daria Poliakova},
	TITLE = {Constrainahedra},
	NOTE = {Preprint, \href{https://arxiv.org/abs/2208.14529}{\texttt{arXiv:2208.14529}}},
	YEAR = {2022},
}

@unpublished {Gelinas,
	AUTHOR = {G{\'e}linas, F{\'e}lix},
	TITLE = {Source characterization of the hypegraphic posets},
 	NOTE = {Preprint, \href{http://arxiv.org/abs/2508.16006}{\texttt{arXiv:2508.16006}}}, 
	YEAR = {2025},
}

@article {AguiarArdila,
	AUTHOR = {Marcelo Aguiar and Federico Ardila},
	TITLE = {Hopf monoids and generalized permutahedra},
	JOURNAL = {Mem. Amer. Math. Soc.},
	FJOURNAL = {Memoirs of the American Mathematical Society},
	VOLUME = {289},
	YEAR = {2023},
	NUMBER = {1437},
}

@article {PadrolPilaudPoullot-deformationConesHypergraphicPolytopes,
	AUTHOR = {Arnau Padrol and Vincent Pilaud and Germain Poullot},
	TITLE = {Deformation cones of hypergraphic polytopes},
	JOURNAL = {S\'{e}m. Lothar. Combin.},
	FJOURNAL = {S\'{e}minaire Lotharingien de Combinatoire},
	VOLUME = {86B},
	YEAR = {2022},
	PAGES = {Art. \#72, 12 pp.},
}

@article {Rehberg,
	AUTHOR = {Rehberg, Sophie},
	TITLE = {Pruned inside-out polytopes, combinatorial reciprocity theorems and generalized permutahedra},
	JOURNAL = {Electron. J. Combin.},
	FJOURNAL = {Electronic Journal of Combinatorics},
	VOLUME = {29},
	YEAR = {2022},
	NUMBER = {4},
	PAGES = {Paper No. 4.36, 31},
}

@article {CardinalHoangMerinoMickaMutze,
	AUTHOR = {Cardinal, Jean and Hoang, Hung P. and Merino, Arturo and Mi\v{c}ka, Ond\v{r}ej and M\"{u}tze, Torsten},
	TITLE = {Combinatorial generation via permutation languages. {V}. {A}cyclic orientations},
	JOURNAL = {SIAM J. Discrete Math.},
	FJOURNAL = {SIAM Journal on Discrete Mathematics},
	VOLUME = {37},
	YEAR = {2023},
	NUMBER = {3},
	PAGES = {1509--1547},
}

@unpublished {CardinalSteiner,
	AUTHOR = {Jean Cardinal and Raphael Steiner},
	TITLE = {Shortest paths on polymatroids and hypergraphic polytopes},
 	NOTE = {Preprint, \href{http://arxiv.org/abs/2311.00779}{\texttt{arXiv:2311.00779}}. To appear in \emph{Comb. Th.}}, 
	YEAR = {2023},
}

@article {AgnarssonMorris,
	AUTHOR = {Agnarsson, Geir and Morris, Walter D.},
	TITLE = {On {M}inkowski sums of simplices},
	JOURNAL = {Ann. Comb.},
	FJOURNAL = {Annals of Combinatorics},
	VOLUME = {13},
	YEAR = {2009},
	NUMBER = {3},
	PAGES = {271--287},
}

@article {Agnarsson,
	AUTHOR = {Agnarsson, Geir},
	TITLE = {On a special class of hyper-permutahedra},
	JOURNAL = {Electron. J. Combin.},
	FJOURNAL = {Electronic Journal of Combinatorics},
	VOLUME = {24},
	YEAR = {2017},
	NUMBER = {3},
	PAGES = {Paper No. 3.46, 25},
}

% OTHERS

@unpublished {OEIS,
  	KEY = {{OEIS}},
	TITLE = {The {O}n-{L}ine {E}ncyclopedia of {I}nteger {S}equences},
	NOTE = {Published electronically at \url{http://oeis.org}},
	YEAR = {2010},
}

